@misc{I2C,
author = {Lattice Semiconductor},
title = {Improving Noise Immunity for Serial Interface},
institution = {Lattice Semiconductor},
year = {2014},
type = {White Paper},
howpublished = "\url{http://www.latticesemi.com/~/media/LatticeSemi/Documents/WhitePapers/HM/ImprovingNoiseImmunityforSerialInterface.pdf?document_id=50728}",
note = "pp. 2, [Accessed: Sept. 2016]"
}
@misc{rs485,
author = {Thomas Kugelstadt},
title = {The RS-485 Design Guide},
year = {2008},
type = {Application Report},
institution = {Texas Instruments},
howpublished = "\url{http://www.ti.com/lit/an/slla272b/slla272b.pdf}",
note = "[Accessed: Sept. 2016]"
}
@misc{UART,
author = {Aaron Minor},
title = {Implementing your MCU-based system's serial UART in software},
year = {2007},
howpublished = "\url{http://www.embedded.com/design/other/4025995/Implementing-your-MCU-based-system-s-serial-UART-in-software}",
note = "[Accessed: Sept. 2016]"
}
@misc{dif,
author = {John Goldie},
title = {Low-Voltage Differential Signaling Yields Megatransfers per Second with Milliwatts of Power},
page = {3},
type = {Literature Report},
institution = {Texas Instruments},
year = {1996},
howpublished = "\url{http://www.ti.com/lit/an/snla156/snla156.pdf}",
note = "pp. 3, [Accessed: Sept. 2016]",
}
@misc{rfidsys,
author = {IMPINJ},
year = {2016},
title = {The Different Typres of RFID Systems},
howpublished = "\url{http://www.impinj.com//resources/about-rfid/the-different-types-of-rfid-systems/}",
note = "[Accessed: Sept. 2016]",
}

@online{rfidhow,
author = {IMPINJ},
year = {2016},
title = {How Do RFID Systems Work?},
howpublished = "\url{http://www.impinj.com/resources/about-rfid/how-do-rfid-systems-work/}",
note = "[Accessed: Sept. 2016]",
}
@misc{justin,

note = "J. Pead. (Sept. 2016). Principal Technical Officer [Online].Available e-mail: justin.pead@uct.ac.za, Message: RFID Documentation",
}
@online{RDM,
author = {Seedwiki},
year = {2016},
title = {125Khz RFID module - UART},
howpublished = "\url{http://wiki.seeedstudio.com/wiki/125Khz_RFID_module_-_UART}",
note = "[Accessed: Sept. 2016]",
}
@misc{MCP,
author = {Microchip},
title = {MCP2200 Datasheet},
year = {2011},
howpublished = "\url{http://ww1.microchip.com/downloads/en/DeviceDoc/22228B.pdf}",
note = "[Accessed: Sept. 2016]",
}
@inbook{LAMP,
author = {Jay Versluis, Julia Versluis},
title = {LAMP Stack for Humans: How to turn a laptop into a web server on your local network},
publisher = {Jay Versluis(Self Published)},
year = {2015}
}
@misc{Apache,
author = {Netcraft},
title = {August 2016 Web Server Survey},
year = {2016},
howpublished = "\url{https://news.netcraft.com/archives/2016/08/24/august-2016-web-server-survey.html}",
note = "[Accessed: Sept. 2016]",
}
@misc{Nginx,
author = {Owen Garret},
title = {NGINX vs. Apache: Our View of a Decade-Old Question},
year = {October 9, 2015},
howpublished = "\url{https://www.nginx.com/blog/nginx-vs-apache-our-view/}",
note = "[Accessed: Sept. 2016]",
}
@inbook{apachebook1,
author = {Ben Laurie, Peter Laurie,Simon St.Laurent},
title = {"Apache: The Definitive Guide" 3rd Edition},
publisher = {O'Reilly Media, Inc.},
year = {2002. pp. 1-5}
}
@inbook{apachebook2,
author = {Antum Peicevic, Marko Maslac},
title = {Apache HTTP Server introduction},
publisher = {Geek University Press},
year = {2016. pp. 4-6}
}
@misc{mysql,
author = {Oracle Corporation and/or its affiliates},
title = {What is MySQL?},
howpublished = "\url{https://dev.mysql.com/doc/refman/5.7/en/what-is-mysql.html}",
note = "[Accessed: Sept. 2016]",
}


